<record><leader>00000cas a2200000 a 4500</leader><controlfield tag="001">13872280</controlfield><controlfield tag="008">860715d18991929inudn ne      0    0eng c</controlfield><datafield ind1=" " ind2=" " tag="010"><subfield code="a">sn 86058682 </subfield></datafield><datafield ind1=" " ind2=" " tag="040"><subfield code="a">NPI</subfield><subfield code="b">eng</subfield><subfield code="c">NPI</subfield><subfield code="d">NVF</subfield><subfield code="d">OCLCQ</subfield></datafield><datafield ind1=" " ind2=" " tag="042"><subfield code="a">pcc</subfield></datafield><datafield ind1="0" ind2=" " tag="130"><subfield code="a">Evening banner (Bluffton, Ind.)</subfield></datafield><datafield ind1="1" ind2="4" tag="245"><subfield code="a">The evening banner.</subfield></datafield><datafield ind1=" " ind2=" " tag="260"><subfield code="a">Bluffton, Ind. :</subfield><subfield code="b">Banner Pub. Co.</subfield></datafield><datafield ind1=" " ind2=" " tag="300"><subfield code="a">v.</subfield></datafield><datafield ind1=" " ind2=" " tag="310"><subfield code="a">Daily (except Sunday)</subfield></datafield><datafield ind1="1" ind2=" " tag="362"><subfield code="a">Began in 1899; ceased in 1929.</subfield></datafield><datafield ind1=" " ind2=" " tag="580"><subfield code="a">Published also until 1917 in a weekly edition called: Bluffton banner (Bluffton, Ind. : 1870).</subfield></datafield><datafield ind1=" " ind2=" " tag="588"><subfield code="a">Description based on: Vol. 10, no. 2 (Nov. 24, 1908).</subfield></datafield><datafield ind1=" " ind2=" " tag="588"><subfield code="a">Latest issue consulted: Vol. 10, no. 163 (May 31, 1909).</subfield></datafield><datafield ind1=" " ind2=" " tag="752"><subfield code="a">United States</subfield><subfield code="b">Indiana</subfield><subfield code="c">Wells</subfield><subfield code="d">Bluffton.</subfield></datafield><datafield ind1="1" ind2=" " tag="775"><subfield code="t">Bluffton banner (Bluffton, Ind. : 1870)</subfield><subfield code="w">(DLC)sn 87056830</subfield></datafield><datafield ind1="0" ind2="7" tag="785"><subfield code="t">Bluffton evening news</subfield><subfield code="w">(DLC)sn 84045497</subfield></datafield><datafield ind1="0" ind2="7" tag="785"><subfield code="t">Evening news-banner</subfield><subfield code="w">(DLC)sn 84045498</subfield></datafield><datafield ind1="1" ind2=" " tag="029"><subfield code="a">AU@</subfield><subfield code="b">000026770749</subfield></datafield></record>